@book{orwell2002,
  author = {George Orwell},
  title = {Essays},
  publisher = {Everyman's Library Classics},
  year = {2002},
  isbn = {0375415033}
}

@article{wilson2014,
  author = {Greg Wilson and D. A. Aruliah and C. Titus Brown and Neil P. Chue Hong and Matt Davis and Richard T. Guy and Steven H. D. Haddock and Kathryn D. Huff and Ian M. Mitchell and Mark D. Plumbley and Ben Waugh and Ethan P. White and Paul Wilson},
  journal = {PLoS Biology},
  publisher = {Public Library of Science},
  title = {Best Practices for Scientific Computing},
  year = {2014},
  month = {January},
  volume = {12},
  pages = {e1001745},
  number = {1},
  doi = {10.1371/journal.pbio.1001745}
}        
